@BOOK{Davendra,
author = {Davendra, Donald},
year = {2010},
month = {01},
pages = {},
journal ={},
publisher={},
title = {Traveling Salesman Problem, Theory and Applications}
}
@article{Gutin,
author = {Gutin, Gregory and Punnen, Abraham},
year = {2002},
month = {01},
pages = {},
journal={},
title = {The Traveling Salesman Problem and Its Variations},
volume = {12}
}
@INPROCEEDINGS{8679367,  author={Akter, Shamima and Nahar, Nazmun and ShahadatHossain, Mohammad and Andersson, Karl},  booktitle={2019 International Conference on Electrical, Computer and Communication Engineering (ECCE)},   title={A New Crossover Technique to Improve Genetic Algorithm and Its Application to TSP},   year={2019},  volume={},  number={},  pages={1-6},  doi={10.1109/ECACE.2019.8679367}}

@BOOK{ucoluk,
author = {Üçoluk, Göktürk},
year = {2002},
month = {01},
pages = {},
title = {Genetic Algorithm Solution of the TSP Avoiding Special Crossover and Mutation},
volume = {3},
journal = {Intelligent Automation and Soft Computing},
doi = {10.1080/10798587.2000.10642829}
}

@BOOK{Eiben2010-op,
  title     = "Introduction to evolutionary computing",
  author    = "Eiben, Agoston E and Smith, J E",
  publisher = "Springer",
  series    = "Natural computing series",
  month     =  dec,
  year      =  2010,
  address   = "Berlin, Germany",
  language  = "en"
}
@Article{Rein91,
  author      = {Gerhard Reinelt},
  journal     = {ORSA Journal on Computing},
  title       = {{TSPLIB}--A Traveling Salesman Problem Library},
  year        = {1991},
  number      = {4},
  pages       = {376--384},
  volume      = {3},
  optdoi      = {10.1287/ijoc.3.4.376},
  opteprint   = {https://doi.org/10.1287/ijoc.3.4.376},
  opturl      = {https://doi.org/10.1287/ijoc.3.4.376},
}
